<record><leader>00000cas a22000007a 4500</leader><controlfield tag="001">23274138</controlfield><controlfield tag="008">910320d19671972couwr ne      0    0eng d</controlfield><controlfield tag="009">9774</controlfield><datafield ind1=" " ind2=" " tag="010"><subfield code="a">sn 91052359 </subfield></datafield><datafield ind1=" " ind2=" " tag="040"><subfield code="a">CNQ</subfield><subfield code="b">eng</subfield><subfield code="c">CNQ</subfield><subfield code="d">DLC</subfield></datafield><datafield ind1=" " ind2=" " tag="042"><subfield code="a">msc</subfield></datafield><datafield ind1="0" ind2=" " tag="130"><subfield code="a">Register (Denver, Colo. : 1967)</subfield></datafield><datafield ind1="0" ind2="4" tag="245"><subfield code="a">The register.</subfield></datafield><datafield ind1="0" ind2="7" tag="246"><subfield code="a">Denver Catholic register</subfield></datafield><datafield ind1=" " ind2=" " tag="250"><subfield code="a">Denver Archdiocesan ed.</subfield></datafield><datafield ind1=" " ind2=" " tag="260"><subfield code="a">[Denver, Colo.] :</subfield><subfield code="b">The Catholic Press Society,</subfield></datafield><datafield ind1=" " ind2=" " tag="300"><subfield code="a">v.</subfield></datafield><datafield ind1=" " ind2=" " tag="310"><subfield code="a">Weekly</subfield></datafield><datafield ind1="0" ind2=" " tag="362"><subfield code="a">Vol. 62, no. 12 (Oct. 26, 1967)-v. 62, no. 34 (Mar. 28, 1968) ; v. 42, no. 35 (Apr. 4, 1968)-v. 46, no. 33 (Mar. 31, 1972).</subfield></datafield><datafield ind1=" " ind2=" " tag="530"><subfield code="a">Available on microfilm from the Colorado Historical Society.</subfield></datafield><datafield ind1=" " ind2=" " tag="752"><subfield code="a">United States</subfield><subfield code="b">Colorado</subfield><subfield code="c">Denver</subfield><subfield code="d">Denver.</subfield></datafield><datafield ind1="0" ind2="0" tag="780"><subfield code="t">Denver Catholic register (Denver, Colo. : 1905)</subfield><subfield code="w">(DLC)sn 91052662</subfield></datafield><datafield ind1="0" ind2="0" tag="785"><subfield code="t">Denver Catholic register (Denver, Colo. : 1972)</subfield><subfield code="w">(OCoLC)7493833</subfield></datafield></record>